<record><leader>00000cas a2200000 a 4500</leader><controlfield tag="001">43694687</controlfield><controlfield tag="008">000323d19451946nyuwr ne     o0    0eng c</controlfield><datafield ind1=" " ind2=" " tag="010"><subfield code="a">sn 00061514 </subfield></datafield><datafield ind1=" " ind2=" " tag="040"><subfield code="a">NVF</subfield><subfield code="b">eng</subfield><subfield code="c">NVF</subfield><subfield code="d">OCLCQ</subfield><subfield code="d">OCLCF</subfield><subfield code="d">OCLCO</subfield></datafield><datafield ind1="1" ind2=" " tag="029"><subfield code="a">AU@</subfield><subfield code="b">000021486195</subfield></datafield><datafield ind1=" " ind2=" " tag="042"><subfield code="a">pcc</subfield></datafield><datafield ind1=" " ind2=" " tag="043"><subfield code="a">e-gx---</subfield></datafield><datafield ind1="0" ind2="0" tag="245"><subfield code="a">AAAO news.</subfield></datafield><datafield ind1="1" ind2="3" tag="246"><subfield code="a">AAA-O news</subfield></datafield><datafield ind1="3" ind2=" " tag="246"><subfield code="a">Anything, anywhere, anytime bar none news</subfield></datafield><datafield ind1=" " ind2=" " tag="260"><subfield code="a">New York [N.Y.] :</subfield><subfield code="b">AAA-O 39th Infantry Regiment,</subfield><subfield code="c">-1946.</subfield></datafield><datafield ind1=" " ind2=" " tag="300"><subfield code="a">v.</subfield></datafield><datafield ind1=" " ind2=" " tag="310"><subfield code="a">Weekly</subfield></datafield><datafield ind1="1" ind2=" " tag="362"><subfield code="a">Began in 1945.</subfield></datafield><datafield ind1="0" ind2=" " tag="362"><subfield code="a">-v. 2, no. 47 (Nov. 23, 1946).</subfield></datafield><datafield ind1=" " ind2=" " tag="500"><subfield code="a">Printed in Aichach, Germany, &lt;Aug. 31-Oct. 5, 1945&gt;; Rosenheim, Germany, &lt;Oct. 20, 1945&gt;-Oct. 12, 1946; Bad Tolz, Germany, Oct. 19-Nov. 23, 1946.</subfield></datafield><datafield ind1=" " ind2=" " tag="500"><subfield code="a">Issue for Nov. 23, 1946 called "AAA-O Deactivation Issue."</subfield></datafield><datafield ind1=" " ind2=" " tag="588"><subfield code="a">Description based on: Vol. 1, no. 11 (Aug. 31, 1945).</subfield></datafield><datafield ind1=" " ind2="0" tag="650"><subfield code="a">Military bases, American</subfield><subfield code="z">Germany</subfield><subfield code="v">Newspapers.</subfield></datafield><datafield ind1=" " ind2="0" tag="651"><subfield code="a">Germany</subfield><subfield code="v">Newspapers.</subfield></datafield><datafield ind1=" " ind2="7" tag="655"><subfield code="a">Newspapers.</subfield><subfield code="2">fast</subfield><subfield code="0">(OCoLC)fst01423814</subfield></datafield><datafield ind1=" " ind2="7" tag="650"><subfield code="a">Military bases, American.</subfield><subfield code="2">fast</subfield><subfield code="0">(OCoLC)fst01021021</subfield></datafield><datafield ind1=" " ind2="7" tag="651"><subfield code="a">Germany.</subfield><subfield code="2">fast</subfield><subfield code="0">(OCoLC)fst01210272</subfield></datafield><datafield ind1="1" ind2=" " tag="710"><subfield code="a">United States.</subfield><subfield code="b">Army.</subfield><subfield code="b">Infantry Division, 9th.</subfield><subfield code="b">Regiment, 39th.</subfield></datafield><datafield ind1=" " ind2=" " tag="752"><subfield code="a">United States</subfield><subfield code="b">New York</subfield><subfield code="c">New York</subfield><subfield code="d">New York.</subfield></datafield></record>